@ONLINE{pyne,
author = {{the PyNE Development Team}},
title = {{PyNE: The Nuclear Engineering Toolkit}},
year = {2014},
url = {http://pyne.io}
}

@inproceedings{pyne_progress,
author = {Bates, Cameron and Biondo, Elliott and Huff, Kathryn and et al.},
volume={111},
address = {Anaheim, CA, USA},
booktitle = {Am. Nuc. Soc. Winter Meeting 2014},
month = Nov,
title = {{PyNE Progress Report}},
year = {2014}
}

@inproceedings{Biondo2014,
  author = {Biondo, E. and Davis, A. and Scopatz, A. and Wilson, P. P. H.},
  title = {{Rigorous Two-Step Activation for Fusion Systems with PyNE}},
  booktitle = {Proc. of the 18th Topical Meeting of the Radiation Protection \& Shielding Division of ANS},
  year = {2014},
  address = {Knoxville, TN}
}

@inproceedings{pyne_vnv,
author = {Biondo, Elliott and Scopatz, Anthony and Gidden, Matthew and Slaybaugh, Rachel and Bates, Cameron},
volume={111},
address = {Anaheim, CA, USA},
booktitle = {Am. Nuc. Soc. Winter Meeting 2014},
month = Nov,
title = {{Quality Assurance within the PyNE Open Source Toolkit}},
year = {2014}
}

